% yhyy nää unohtu säätää :D no onneks en ajanu bibtexiä niin ei noi
% latexviitteet tullu palautusversioon

[1] Vesa Välimäki and Antti Huovilainen. Virtuaalista nostalgiaa — digitaalinen
vähentävä äänisynteesi. Musiikki, 35(1–2):78—98, 2005. In Finnish.

[2] Vesa Välimäki and Antti Huovilainen. Oscillator and filter algorithms for virtual
analog synthesis. Computer Music Journal, 30(2):19–31, Summer 2006.

[3] Antti Huovilainen. Non-linear implementation of the Moog ladder filter. In Pro-
ceedings of the 7th International Conference on Digital Audio Effects (DAFx’04),
pages 61–64, Naples, Italy, October 2004.


@misc{BibTeXhomepage,
	author = {Alexander Feder},
	howpublished = {\url{http://www.bibtex.org/}},
	note = {Checked \today},
	title = {{Bib\TeX.org}}}

@misc{LaTeXhomepage,
	author = {{\LaTeX\ project}},
	howpublished = {\url{http://www.latex-project.org/}},
	note = {Checked \today},
	title = {{\LaTeX} --- A document preparation system}}
