@misc{nostalgiaa,
	author = {Vesa Välimäki and Antti Huovilainen},
	howpublished = {Musiikki, 35(1–2):78--98, 2005},
	title = {Virtuaalista nostalgiaa -- digitaalinen vähentävä äänisynteesi}}

@misc{algos,
	author = {Vesa Välimäki and Antti Huovilainen},
	howpublished = {Computer Music Journal, 30(2):19--31, Summer 2006},
	title = {Oscillator and filter algorithms for virtual analog synthesis}}

@article{marsaglia2003xorshift,
  title={Xorshift rngs},
  author={Marsaglia, George},
  journal={Journal of Statistical Software},
  volume={8},
  number={14},
  pages={1--6},
  year={2003}
}
